@Misc{Scipy,
  author =    {Eric Jones and Travis Oliphant and Pearu Peterson and others},
  title =     {{SciPy}: Open source scientific tools for {Python}},
  year =      {2001--},
  url = "http://www.scipy.org/"
}

@InProceedings{ mckinney-proc-scipy-2010, 
  author    = { Wes McKinney }, 
  title     = { Data Structures for Statistical Computing in Python }, 
  booktitle = { Proceedings of the 9th Python in Science Conference }, 
  pages     = { 51 - 56 }, 
  year      = { 2010 }, 
  editor    = { St\'efan van der Walt and Jarrod Millman } 
} 